@online{synclab,
    title = {Sync Lab},
    url = {https://www.synclab.it}
}

@online{git,
    title = {Git},
    url = {https://git-scm.com}
}

@online{docker,
    title = {Docker},
    url = {https://www.docker.com}
}

@online{postman,
    title = {Postman},
    url = {https://www.postman.com}
}

@online{dbeaver,
    title = {DBeaver Community},
    url = {https://dbeaver.io}    
}

@online{rabbitmq,
    title = {RabbitMQ broker},
    url = {https://www.rabbitmq.com}
}

@online{vscode,
    title = {Visual Studio Code IDE},
    url = {https://code.visualstudio.com}
}

@online{monomicro,
    title = {Microservices vs Monolith: which architecture is the best choice for your business?},
    author = {Romana Gnatyk},
    url = {https://www.n-ix.com/microservices-vs-monolith-which-architecture-best-choice-your-business}
}

@online{log4j,
    title = {Apache Log4j},
    url = {https://logging.apache.org/log4j/2.x}
}

@online{logback,
    title = {Logback},
    url = {https://logback.qos.ch}
}

@online{maven,
    title = {Apache Maven},
    url = {https://maven.apache.org/}
}

@online{logbackguide,
    title = {A Guide to Logback},
    author = {Eric Goebelbecker},
    url = {https://www.baeldung.com/logback}
}

@online{angular,
    title = {Angular},
    url = {https://angular.io}
}

@thesis{canovese,
    title = {Sviluppo full stack di una web app per la gestione di task aziendali},
    author = {Marco Canovese}
}

@online{projtutorial,
    title = {Spring Boot RabbitMQ | Publisher \& Subscriber Example | AMQP},
    author = {Java Techie},
    url = {https://www.youtube.com/watch?v=o4qCdBR4gUM}
}

@online{amqprab,
    title = {Protocollo AMQP},
    url = {https://it.wikipedia.org/wiki/Advanced_Message_Queuing_Protocol}
}